<?xml version="1.0" encoding="UTF-8"?><collection xmlns="http://www.loc.gov/MARC21/slim"><record><leader>00525nam--2200121-i-4500</leader><controlfield tag="001">000041489</controlfield><controlfield tag="002">20161230</controlfield><controlfield tag="005">20161230201043</controlfield><controlfield tag="008">060222s1000------------r-----000-0-eng-d</controlfield><datafield ind1=" " ind2=" " tag="080"><subfield code="a">621.187(094)</subfield></datafield><datafield ind1=" " ind2=" " tag="245"><subfield code="a">Prescriptii tehnice pt.echiparea cu instalatii de protectie si reglare automata a cazanelor de abur. reglarea alimentarii cu apa la cazanele cu strabatere fortata si protectiile aferente. c38/5-72. colectia inspectiei pt.cazane, recipiente sub presiune</subfield></datafield><datafield ind1=" " ind2=" " tag="260"><subfield code="a">Bucuresti, Ed.Tehnica, 1974, 17p./-18p.</subfield></datafield><datafield ind1=" " ind2=" " tag="852"><subfield code="a">42694</subfield></datafield></record></collection>